<?xml version="1.0" encoding="UTF-8"?><collection xmlns="http://www.loc.gov/MARC21/slim"><record><leader>00349nam--2200133-i-4500</leader><controlfield tag="001">000040396</controlfield><controlfield tag="002">20161230</controlfield><controlfield tag="005">20161230201042</controlfield><controlfield tag="008">060222s1000------------r-----000-0-eng-d</controlfield><datafield ind1=" " ind2=" " tag="080"><subfield code="a">621.7</subfield></datafield><datafield ind1=" " ind2=" " tag="100"><subfield code="a">Savcenco,S.M</subfield></datafield><datafield ind1=" " ind2=" " tag="245"><subfield code="a">Prelucrarea la masinile-unelte aschietoare cu scule tip v.a.kelesov</subfield></datafield><datafield ind1=" " ind2=" " tag="260"><subfield code="a">Bucuresti, Idt, 1954. 92 P</subfield></datafield><datafield ind1=" " ind2=" " tag="852"><subfield code="a">26547</subfield></datafield></record></collection>